<record><leader>00000cas a22000007a 4500</leader><controlfield tag="001">15112537</controlfield><controlfield tag="008">870126d19121923inuwr ne      0    0eng d</controlfield><datafield ind1=" " ind2=" " tag="010"><subfield code="a">sn 87055100 </subfield></datafield><datafield ind1=" " ind2=" " tag="040"><subfield code="a">NPI</subfield><subfield code="b">eng</subfield><subfield code="c">NPI</subfield><subfield code="d">OCLCQ</subfield></datafield><datafield ind1=" " ind2=" " tag="042"><subfield code="a">msc</subfield></datafield><datafield ind1="0" ind2=" " tag="130"><subfield code="a">Rochester weekly Republican (Rochester, Ind. : 1912)</subfield></datafield><datafield ind1="1" ind2="0" tag="245"><subfield code="a">Rochester weekly Republican.</subfield></datafield><datafield ind1=" " ind2=" " tag="260"><subfield code="a">Rochester, Fulton County, Ind. :</subfield><subfield code="b">Albert W. Bitters,</subfield><subfield code="c">1912-</subfield></datafield><datafield ind1=" " ind2=" " tag="310"><subfield code="a">Weekly</subfield></datafield><datafield ind1="0" ind2=" " tag="362"><subfield code="a">Vol. 56 (Jan. 4, 1912)-</subfield></datafield><datafield ind1="1" ind2=" " tag="362"><subfield code="a">Ceased in 1923?</subfield></datafield><datafield ind1=" " ind2=" " tag="580"><subfield code="a">Also published in a daily ed. called: Rochester daily Republican.</subfield></datafield><datafield ind1=" " ind2=" " tag="752"><subfield code="a">United States</subfield><subfield code="b">Indiana</subfield><subfield code="c">Fulton</subfield><subfield code="d">Rochester.</subfield></datafield><datafield ind1="1" ind2=" " tag="775"><subfield code="t">Rochester daily Republican</subfield><subfield code="w">(DLC)sn 87055120</subfield></datafield><datafield ind1="0" ind2="0" tag="780"><subfield code="t">Rochester Republican (Rochester, Ind. : 1900)</subfield><subfield code="w">(DLC)sn 87055099</subfield></datafield></record>